% This file was created with JabRef 2.6.
% Encoding: UTF8

@ARTICLE{Armstrong2009,
  author = {Armstrong, J.},
  title = {OFDM for optical communications},
  journal = {Journal of Lightwave Technology},
  year = {2009},
  volume = {27},
  pages = {189--204},
  number = {3},
  file = {:E\:\\SkyDrive\\Documents\\硕士毕业论文\\papers\\OFDM for Optical Communications.pdf:PDF},
  owner = {Leyuan Pan},
  timestamp = {2012.08.15}
}

@ARTICLE{Armstrong2008,
  author = {Armstrong, Jean Armstrong and Schmidt, Brendon J. C.},
  title = {Comparison of asymmetrically clipped optical OFDM and DC-biased optical
	OFDM in AWGN},
  journal = {IEEE Communications Letters},
  year = {2008},
  volume = {12},
  pages = {343--345},
  number = {5},
  month = {May},
  file = {:E\:\\SkyDrive\\Documents\\硕士毕业论文\\papers\\Comparison of asymmetrically clipped optical OFDM and DC-biased optical OFDM in AWGN.pdf:PDF},
  owner = {Leyuan Pan},
  timestamp = {2012.08.15}
}

@ARTICLE{Armstrong2006,
  author = {Armstrong, Jean and Lowery, A. J.},
  title = {Power efficient optical OFDM},
  journal = {Electronics Letters},
  year = {2006},
  volume = {42},
  pages = {370--372},
  number = {6},
  file = {:E\:\\SkyDrive\\Documents\\硕士毕业论文\\papers\\Power efficient optical OFDM.pdf:PDF},
  owner = {Leyuan Pan},
  timestamp = {2012.08.15}
}

@CONFERENCE{Armstrong2006a,
  author = {Armstrong, J. and Schmidt, Brendon J.C. and Kalra, Dhruv Kalra and
	Suraweera, Himal A. and Lowery, Arthur J.},
  title = {Performance of asymmetrically clipped optical OFDM in AWGN for an
	intensity modulated direct detection system},
  booktitle = {GLOBECOM'06. IEEE},
  year = {2006},
  pages = {1--5},
  file = {:E\:\\SkyDrive\\Documents\\硕士毕业论文\\papers\\Performance of asymmetrically clipped optical OFDM in AWGN for an Intensity Modulated Direct Detection System.pdf:PDF},
  owner = {Leyuan Pan},
  timestamp = {2012.08.15}
}

@ARTICLE{Chang1966,
  author = {Chang, Robert W.},
  title = {Synthesis of band-limited orthogonal signals for multichannel data
	transmission},
  journal = {Bell System Technical Journal},
  year = {1966},
  volume = {45},
  pages = {1775-1796},
  file = {:E\:\\SkyDrive\\Documents\\硕士毕业论文\\papers\\Synthesis of band-limited orthogonal signals for multichannel data transmission.pdf:PDF},
  owner = {Leyuan Pan},
  timestamp = {2012.08.15}
}

@ARTICLE{Cimini1985,
  author = {Cimini, L J},
  title = {Analysis and simulation of a digital mobile channel using orthogonal
	frequency division multiplexing},
  journal = {IEEE Transactions on Communications},
  year = {1985},
  volume = {3},
  pages = {665-675},
  month = {July},
  owner = {Leyuan Pan},
  timestamp = {2012.08.15}
}

@STANDARD{Commission1993,
  title = {Safety of laser products - Part 1: Equipment classification and requirements},
  organization = {International Electrotechnical Commission},
  author = {International Electrotechnical Commission},
  howpublished = {Group safety publication},
  number = {825-1},
  year = {1993},
  owner = {Leyuan Pan},
  timestamp = {2012.08.17}
}

@CONFERENCE{Fan2002,
  author = {Fan, Kanei and Komine, Toshihiko and Tanaka, Yuichi and Nakagawa,
	Masao},
  title = {The effect of reflection on indoor visible-light communication system
	utilizing white LEDs},
  booktitle = {Wireless Personal Multimedia Communications, The 5th International
	Symposium},
  year = {2002},
  volume = {2},
  pages = {611 -- 615},
  month = {October},
  file = {:E\:\\SkyDrive\\Documents\\硕士毕业论文\\papers\\The effect of reflection on indoor visible-light communication system utilizing white LEDs.pdf:PDF},
  owner = {Leyuan Pan},
  timestamp = {2012.08.14}
}

@UNPUBLISHED{Gallager2002,
  author = {Gallager, Robert and Zheng, Lizhong},
  title = {Channel measurement and Rake receivers, Introduction to Digital Communication,
	MIT Course, 6.450, Fall 2002},
  note = {Channel measurement and Rake receivers, Introduction to Digital Communication,
	MIT Course, 6.450, Fall 2002},
  month = {December},
  year = {2002},
  file = {:E\\\:\\\\SkyDrive\\\\Documents\\\\硕士毕业论文\\\\papers\\\\Channel Measurement and Rake Receivers.pdf:PDF},
  owner = {Leyuan Pan},
  timestamp = {2012.12.25}
}

@BOOK{Gharaibeh2012,
  title = {Nonlinear distortion in wireless systems:modeling and simulation
	with MATLAB},
  publisher = {John Wiley \& Sons, Ltd.},
  year = {2012},
  author = {Gharaibeh, Khaled M.},
  address = {Chichester, West Sussex},
  file = {:E\:\\SkyDrive\\Documents\\硕士毕业论文\\books\\Nonlinear_Distortion_in_Wireless_Systems_Modeling_and_Simulation_with_MATLAB.pdf:PDF},
  owner = {Leyuan Pan},
  timestamp = {2012.08.15}
}

@INPROCEEDINGS{Gonzalez2005,
  author = {Gonzalez, O. and Perez-Jimenez, R. and Rodriguez, S. and Rabadan,
	J. and Ayala, A.},
  title = {OFDM over indoor wireless optical channel},
  booktitle = {Optoelectronics, IEE Proceedings-},
  year = {2005},
  volume = {152},
  number = {4},
  pages = {199--204},
  file = {:E\:\\SkyDrive\\Documents\\硕士毕业论文\\papers\\OFDM over indoor wireless optical channel.pdf:PDF},
  owner = {Leyuan Pan},
  timestamp = {2012.08.15}
}

@ARTICLE{Grubor2010,
  author = {Grubor, J. and Langer, K.D.},
  title = {Efficient signal processing in OFDM-based indoor optical wireless
	links},
  journal = {Journal of Networks},
  year = {2010},
  volume = {5},
  pages = {197--211},
  number = {2},
  file = {:E\:\\SkyDrive\\Documents\\硕士毕业论文\\papers\\Efficient signal processing in OFDM-based indoor optical wireless links.pdf:PDF},
  owner = {Leyuan Pan},
  timestamp = {2012.08.15}
}

@INPROCEEDINGS{Hashemi2008,
  author = {Hashemi, S.K. and Ghassemlooy, Z. and Chao, L. and Benhaddou, D.},
  title = {Orthogonal frequency division multiplexing for indoor optical wireless
	communications using visible light LEDs},
  booktitle = {Communication Systems, Networks and Digital Signal Processing, 2008.
	CNSDSP 2008. 6th International Symposium on},
  year = {2008},
  pages = {174--178},
  month = {July},
  file = {:E\:\\SkyDrive\\Documents\\硕士毕业论文\\papers\\Orthogonal frequency division multiplexing for indoor optical wireless communications using visible light LEDs.pdf:PDF},
  owner = {Leyuan Pan},
  timestamp = {2012.08.15}
}

@MISC{seucover,
  author = {hbsjzzxgssb},
  title = {东南大学学位论文封面},
  year = {2007},
  language = {Chinese},
  typeoflit = {EB/OL}
}

@ARTICLE{Heatley1998,
  author = {Heatley, D.J.T. and Wisely, D.R. and Neild, I. and Cochrane, P.},
  title = {Optical wireless: The story so far},
  journal = {Communications Magazine, IEEE},
  year = {1998},
  volume = {36},
  pages = {72--74},
  number = {12},
  file = {:E\:\\SkyDrive\\Documents\\硕士毕业论文\\papers\\Optical Wireless-The Story So Far.pdf:PDF},
  publisher = {IEEE}
}

@MASTERSTHESIS{Hranilovic1999,
  author = {Hranilovic, S.},
  title = {Modulation and constrained coding techniques for wireless infrared
	communication channels},
  school = {University of Toronto},
  year = {1999},
  address = {Toronto},
  file = {:E\:\\SkyDrive\\Documents\\硕士毕业论文\\papers\\Modulation and constrained coding techniques for wireless infrared communication channels.pdf:PDF},
  owner = {Leyuan Pan},
  timestamp = {2012.08.17}
}

@MISC{Javadi2005,
  author = {Javadi, Kia},
  title = {What is a diode / What does a diode do / LEDs and Laser Diodes},
  year = {2005},
  owner = {Leyuan Pan},
  timestamp = {2012.09.05},
  typeoflit = {EB/OL},
  url = {http://www.askkia.com/articles/what-is-a-diode.html}
}

@CONFERENCE{Kottke2012,
  author = {Kottke, Christoph and Habel, Kai and Grobe, Liane and Hilt, Jonas
	and Rosal, Luz Fernandez del and Paraskevopoulos, Anagnostis and
	Langer, Klaus-Dieter},
  title = {Single-channel wireless transmission at 806 Mbit/s using a white-light
	LED and a PIN-based receiver},
  booktitle = {Transparent Optical Networks (ICTON), 2012 14th International Conference
	on},
  year = {2012},
  pages = {1--4},
  month = {July},
  file = {:E\:\\SkyDrive\\Documents\\硕士毕业论文\\papers\\Single-Channel Wireless Transmission at 806 Mbitps Using a White-Light LED and a PIN-Based Receiver.pdf:PDF},
  owner = {Leyuan Pan},
  timestamp = {2012.08.15}
}

@ARTICLE{Kressel1982,
  author = {Kressel, H. and Ettenberg, M. and Wittke, J. and Ladany, I.},
  title = {Laser diodes and LEDs for fiber optical communication},
  journal = {Semiconductor Devices for Optical Communication},
  year = {1982},
  pages = {9--62},
  publisher = {Springer}
}

@ARTICLE{LeMinh2008,
  author = {Le Minh, H. and O'Brien, D. and Faulkner, G. and Zeng, L. and Lee,
	K. and Jung, D. and Oh, Y.J.},
  title = {High-speed visible light communications using multiple-resonant equalization},
  journal = {Photonics Technology Letters, IEEE},
  year = {2008},
  volume = {20},
  pages = {1243--1245},
  number = {14},
  file = {:E\:\\SkyDrive\\Documents\\硕士毕业论文\\papers\\High-Speed Visible Light Communications Using Multiple-Resonant Equalization.pdf:PDF},
  publisher = {IEEE}
}

@INPROCEEDINGS{LeMinh2008a,
  author = {Le Minh, H. and O'Brien, D. and Faulkner, G. and Zeng, L. and Lee,
	K. and Jung, D. and Oh, Y.J.},
  title = {80 Mbit/s visible light communications using pre-equalized white
	LED},
  booktitle = {Optical Communication, 2008. ECOC 2008. 34th European Conference
	on},
  year = {2008},
  pages = {1--2},
  organization = {IEEE}
}

@ARTICLE{Lee2007,
  author = {Lee, B. and Cioffi, J.M. and Jagannathan, S. and Mohseni, M.},
  title = {Gigabit DSL},
  journal = {Communications, IEEE Transactions on},
  year = {2007},
  volume = {55},
  pages = {1689--1692},
  number = {9},
  owner = {Leyuan Pan},
  publisher = {IEEE},
  timestamp = {2012.12.20}
}

@ARTICLE{McCullagh1994,
  author = {McCullagh, MJ and Wisely, DR},
  title = {155 Mbit/s optical wireless link using a bootstrapped silicon APD
	receiver},
  journal = {Electronics Letters},
  year = {1994},
  volume = {30},
  pages = {430--432},
  number = {5},
  publisher = {IET}
}

@ARTICLE{Mesleh2011,
  author = {Mesleh, R. and Elgala, H. and Haas, H.},
  title = {On the Performance of Different OFDM Based Optical Wireless Communication
	Systems},
  journal = {Journal of Optical Communications and Networking},
  year = {2011},
  volume = {3},
  pages = {620--628},
  number = {8},
  file = {:E\:\\SkyDrive\\Documents\\硕士毕业论文\\papers\\On the Performance of Different OFDM Based Optical Wireless Communication Systems.pdf:PDF},
  owner = {Leyuan Pan},
  publisher = {Optical Society of America},
  timestamp = {2012.08.15}
}

@TECHREPORT{Microelectronics1997,
  author = {Microelectronics, S.},
  title = {General IR and photodetector information},
  institution = {Application note 37, www. infineon. com/products/37/37. html},
  year = {1997}
}

@ARTICLE{Mignone1996,
  author = {Mignone, V and Morello, A},
  title = {CD3-OFDM: A novel demodulation scheme for fixed and mobile receivers},
  journal = {IEEE Transactions on Communications},
  year = {1996},
  volume = {44},
  pages = {1144-1151},
  number = {7},
  month = {September},
  owner = {Leyuan Pan},
  timestamp = {2012.08.15}
}

@ARTICLE{Minh2008,
  author = {Minh, Hoa Le and O'Brien, Dominic and Faulkner, Grahame and Zeng,
	Lubin and Lee, Kyungwoo and Jung, Daekwang and Oh, YunJe},
  title = {High-speed visible light communications using multiple-resonant equalization},
  journal = {IEEE Photonics Technology Letters},
  year = {2008},
  volume = {20},
  pages = {1243--1245},
  number = {14},
  month = {July},
  file = {:E\:\\SkyDrive\\Documents\\硕士毕业论文\\papers\\High-Speed Visible Light Communications Using Multiple-Resonant Equalization.pdf:PDF},
  owner = {Leyuan Pan},
  timestamp = {2012.08.15}
}

@ARTICLE{Minh2009,
  author = {Minh, Hoa Le and O'Brien, Dominic and Faulkner, Grahame and Zeng,
	Lubin and Lee, Kyungwoo and Jung, Daekwang and Oh, YunJe and Won,
	Eun Tae},
  title = {100-Mb/s NRZ visible light communications using a postequalized white
	LED},
  journal = {IEEE Photonics Technology Letters},
  year = {2009},
  volume = {21},
  pages = {1063--1065},
  number = {15},
  month = {August},
  file = {:E\:\\SkyDrive\\Documents\\硕士毕业论文\\papers\\100-Mbps NRZ Visible Light Communications Using a Postequalized White LED.pdf:PDF},
  owner = {Leyuan Pan},
  timestamp = {2012.08.15}
}

@ARTICLE{Ohtsuki2003,
  author = {Ohtsuki, Tomoaki},
  title = {Multiple-subcarrier modulation in optical wireless communications},
  journal = {Communications Magazine, IEEE},
  year = {2003},
  volume = {41},
  pages = {74--79},
  number = {3},
  month = {March},
  file = {:E\:\\SkyDrive\\Documents\\硕士毕业论文\\papers\\Multiple-subcarrier modulation in optical wireless communications.pdf:PDF},
  owner = {Leyuan Pan},
  timestamp = {2012.08.15}
}

@MISC{Paschotta2012,
  author = {Paschotta, Rüdiger},
  title = {Laser diodes},
  year = {2012},
  owner = {Leyuan Pan},
  timestamp = {2012.09.05},
  typeoflit = {EB/OL},
  url = {http://www.rp-photonics.com/laser_diodes.html}
}

@BOOK{Proakis2009,
  title = {Digital Communications},
  publisher = {MacGraw-Hill Education Co. and Publishing House of Electronics Industry},
  year = {2009},
  author = {John G. Proakis},
  address = {Hightstown, New Jersey and Beijing},
  edition = {Fifth},
  month = {May},
  owner = {Leyuan Pan},
  timestamp = {2012.11.21}
}

@MANUAL{LE2011,
  title = {OSRAM OSTAR - Lighting plus LE UW S2LN},
  author = {OSRAM Opto Semiconductors},
  organization = {OSRAM Opto Semiconductors},
  month = {September},
  year = {2011},
  file = {:E\:\\Dropbox\\Datasheet\\LE_UW_S2LN_OS_PD_2011_019.pdf:PDF},
  owner = {Leyuan Pan},
  timestamp = {2012.09.05}
}

@MANUAL{LRTB2011,
  title = {OSRAM Multi CHIPLED LRTB R98G},
  author = {OSRAM Opto Semiconductors},
  organization = {OSRAM Opto Semiconductors},
  month = {May},
  year = {2011},
  file = {:E\:\\Dropbox\\Datasheet\\LRTB_R98G_Pb_free.pdf:PDF},
  owner = {Leyuan Pan},
  timestamp = {2012.09.05}
}

@MANUAL{SFH213,
  title = {Silicon PIN Photodiode SFH 213 (FA)},
  author = {OSRAM Opto Semiconductors},
  organization = {OSRAM Opto Semiconductors},
  month = {October},
  year = {2011},
  file = {:E\:\\Dropbox\\Datasheet\\SFH213.pdf:PDF},
  owner = {Leyuan Pan},
  timestamp = {2012.09.05}
}

@BOOK{Starr2003,
  title = {DSL advances},
  publisher = {Prentice Hall},
  year = {2003},
  author = {Starr, T. and Sorbara, M. and Cioffi, J. and Silverman, P.},
  address = {Upper Saddle River, New Jersey},
  owner = {Leyuan Pan},
  timestamp = {2012.12.20}
}

@BOOK{Stevens1994,
  title = {TCP/IP Illustrated: the protocols},
  publisher = {Addison-Wesley Professional},
  year = {1994},
  author = {Stevens, W.R. and Wright, G.R.},
  volume = {1},
  address = {Boston},
  owner = {Leyuan Pan},
  timestamp = {2012.11.19}
}

@CONFERENCE{Tanaka2000,
  author = {Tanaka, Y. and Haruyama, S. and Nakagawa, M.},
  title = {Wireless optical transmissions with white colored LED for wireless
	home links},
  booktitle = {Personal, Indoor and Mobile Radio Communications, 11th IEEE International
	Symposium},
  year = {2000},
  volume = {2},
  pages = {1325 -- 1329},
  file = {:E\:\\SkyDrive\\Documents\\硕士毕业论文\\papers\\Wireless optical transmissions with white colored LED for wireless home links.pdf:PDF},
  owner = {Leyuan Pan},
  timestamp = {2012.08.14}
}

@CONFERENCE{Tanaka2001,
  author = {Tanaka, Yuichi and Komine, Toshihiko and Haruyama, Shinichirou and
	Nakagawa, Masao},
  title = {Indoor visible communication utilizing plural white LEDs as lighting},
  booktitle = {Personal, Indoor and Mobile Radio Communications, 12th IEEE International
	Symposium},
  year = {2001},
  volume = {2},
  month = {Sep/Oct},
  file = {:E\:\\SkyDrive\\Documents\\硕士毕业论文\\papers\\Indoor visible communication utilizing plural white LEDs as lighting.pdf:PDF},
  owner = {Leyuan Pan},
  timestamp = {2012.08.14}
}

@CONFERENCE{Vucic2010,
  author = {Vucic, Jelena and Kottke, Christoph and Nerreter, Stefan and Habel,
	Kai and Buttner, Andreas and Langer, Klaus-Dieter and Walewski, Joachim
	W.},
  title = {230 Mbit/s via a wireless visible-light link based on OOK modulation
	of phosphorescent white LEDs},
  booktitle = {Optical Fiber Communication (OFC), collocated National Fiber Optic
	Engineers Conference, 2010 Conference on (OFC/NFOEC)},
  year = {2010},
  pages = {1--3},
  month = {March},
  file = {:E\:\\SkyDrive\\Documents\\硕士毕业论文\\papers\\230 Mbits via wireless visible-light link based on OOK modulation of phosphorescent white LEDs.pdf:PDF},
  owner = {Leyuan Pan},
  timestamp = {2012.08.15}
}

@ARTICLE{Vucic2010a,
  author = {Vucic, Jelena and Kottke, Christoph and Nerreter, Stefan and Langer,
	Klaus-Dieter and Walewski, Joachim W.},
  title = {513 Mbit/s visible light communications Link based on DMT-modulation
	of a white LED},
  journal = {Journal of Lightwave Technology},
  year = {2010},
  volume = {28},
  pages = {3512--3518},
  number = {24},
  month = {December},
  file = {:E\:\\SkyDrive\\Documents\\硕士毕业论文\\papers\\513 Mbits visible light communications link based on DMT-modulation of a white LED.pdf:PDF},
  owner = {Leyuan Pan},
  timestamp = {2012.08.15}
}

@BOOK{Walrand1999,
  title = {High-performance communication networks},
  publisher = {Morgan Kaufmann},
  year = {1999},
  author = {Walrand, J. and Varaiya, P.},
  address = {San Francisco, California},
  owner = {Leyuan Pan},
  timestamp = {2012.12.28}
}

@ARTICLE{Weinstein1971,
  author = {Weinstein, S. and Ebert, P.},
  title = {Data transmission by frequency-division multiplexing using the discrete
	fourier transform},
  journal = {IEEE Transactions on Communications},
  year = {1971},
  volume = {COM-19},
  pages = {628--634},
  file = {:E\:\\SkyDrive\\Documents\\硕士毕业论文\\papers\\Data Transmission by Frequency-Division Multiplexing Using the Discrete Fourier Transform.pdf:PDF},
  owner = {Leyuan Pan},
  timestamp = {2012.08.15}
}

@MISC{Wikipedia8B10B2012,
  author = {Wikipedia},
  title = {8B/10B encoding},
  year = {2012},
  owner = {Leyuan Pan},
  timestamp = {2012.12.14},
  typeoflit = {EB/OL},
  url = {http://en.wikipedia.org/wiki/8b/10b_encoding}
}

@MISC{WikipediaManchester2012,
  author = {Wikipedia},
  title = {Manchester code},
  year = {2012},
  owner = {Leyuan Pan},
  timestamp = {2012.12.14},
  typeoflit = {EB/OL},
  url = {http://en.wikipedia.org/wiki/Manchester_encoding}
}

@MASTERSTHESIS{张立2010,
  author = {张立},
  title = {基于LED照明灯的室内无线光通信双工系统研究},
  school = {江苏大学},
  year = {2010},
  address = {镇江},
  file = {:E\:\\SkyDrive\\Documents\\硕士毕业论文\\检索到的学位论文\\基于LED照明灯的室内无线光通信双工系统研究.pdf:PDF},
  owner = {Leyuan Pan},
  timestamp = {2012.08.22}
}

@MASTERSTHESIS{Yangyushan2010,
  author = {杨逾山},
  title = {LTE系统中的信道估计技术研究},
  school = {东南大学},
  year = {2010},
  address = {南京},
  owner = {Leyuan Pan},
  timestamp = {2012.12.15}
}

@MASTERSTHESIS{PanLeyuan2010,
  author = {潘乐园},
  title = {LTE系统下行链路中信道估计的研究},
  school = {东南大学},
  year = {2010},
  address = {南京},
  owner = {Leyuan Pan},
  timestamp = {2012.12.18}
}

@PHDTHESIS{Wangwenjin2011,
  author = {王闻今},
  title = {宽带无线通信迭代接收技术研究},
  school = {东南大学},
  year = {2011},
  address = {南京},
  owner = {Leyuan Pan},
  timestamp = {2012.12.20}
}

@MISC{百度百科8B10B2012,
  author = {百度百科},
  title = {8B/10B编码},
  year = {2012},
  owner = {Leyuan Pan},
  timestamp = {2012.12.14},
  typeoflit = {EB/OL},
  url = {http://baike.baidu.com/view/1250004.htm}
}

@MASTERSTHESIS{Xuwei2005,
  author = {许威},
  title = {未来移动通信系统中的自适应调制技术},
  school = {东南大学},
  year = {2005},
  address = {南京},
  owner = {Leyuan Pan},
  timestamp = {2012.12.15}
}

@ARTICLE{顾玉娟2006,
  author = {顾玉娟},
  title = {无线光通信技术研究},
  journal = {山东通信技术},
  year = {2006},
  volume = {26},
  pages = {31 -- 34},
  number = {4},
  month = {11},
  file = {:E\:\\SkyDrive\\Documents\\硕士毕业论文\\papers\\无线光通信技术研究.pdf:PDF},
  owner = {Leyuan Pan},
  timestamp = {2012.08.14}
}

%begin here by huangxin


@PHDTHESIS{DingJuPeng2005,
  title={可见光通信室内信道建模及性能优化},
  author={丁举鹏},
  school={北京邮电大学},
  year={2013},
  address={南京}
}

@article{ChenTe2013,
  title={可见光通信的研究},
  author={陈特, 刘璐, 胡薇薇},
  journal={中兴通讯技术},
  volume={19},
  number={1},
  pages={49--52},
  year={2013}
}

@MASTERSTHESIS{XueXiaoMan2014,
  author = {薛晓满},
  title = {白色LED室内可见光通信系统研究},
  school = {电子科技大学},
  year = {2014},
  address = {成都},
  owner = {Xin Huang},
  timestamp = {2014.11.28}
}

@mastersthesis{ChenRan2013,
  title={室内照明通信系统的数学模型及其仿真},
  author={陈然},
  year={2013},
  school={南京邮电大学},
  address = {南京},
  owner = {Xin Huang},
  timestamp = {2014.11.28}
}

@article{DingDeQiang2007,
  title={VLC系统的光源布局设计与仿真研究},
  author={丁德强, 柯熙政, 李建勋},
  journal={光电工程},
  volume={34},
  number={1},
  pages={131--134},
  year={2007},
  publisher={光电工程}
}

@mastersthesis{SongZhengXun2008,
  title={基于白光LED的室内可见光通信系统研究},
  author={宋正勋},
  year={2008},
  school={长春理工大学},
  address = {长春},
  owner = {Xin Huang},
  timestamp = {2014.11.28}
}

@mastersthesis{Mei2011,
  title={基于白光LED的可见光通信系统的研究},
  author={梅卫平},
  year={2011},
  school={中南大学},
  address = {长沙},
  owner = {Xin Huang},
  timestamp = {2014.11.28}
}

@ARTICLE{KomineT2004,
    author={Komine, T. and Nakagawa, M.},
    journal={Consumer Electronics, IEEE Transactions on},
    title={Fundamental analysis for visible-light communication system using LED lights},
    year={2004},
    month={Feb},
    volume={50},
    number={1},
    pages={100-107},
    doi={10.1109/TCE.2004.1277847},
    ISSN={0098-3063},
    owner = {Xin Huang},
    publisher = {IEEE},
    timestamp = {2014.11.28}
}

@INPROCEEDINGS{AzizanLA2012,
    author={Azizan, L.A.-H. and Ab-Rahman, M.S. and Jumiran, K.},
    booktitle={Innovation Management and Technology Research (ICIMTR), 2012 International Conference on},
    title={Analytical approach on SNR performance of visible light communication for modern lighting layout},
    year={2012},
    month={May},
    pages={332-336},
    organization = {IEEE},
    doi={10.1109/ICIMTR.2012.6236413}
}

@INPROCEEDINGS{DoTH2012,
    author={Do T.-H. and Yoo M.},
    booktitle={Ubiquitous and Future Networks (ICUFN), 2012 Fourth International Conference on},
    title={Received power and SNR optimization for visible light communication system},
    year={2012},
    month={July},
    pages={6-7},
    doi={10.1109/ICUFN.2012.6261652},
    ISSN={2165-8528}
}

@ARTICLE{DingJP20121,
    author={Ding, J.P. and Ji, Y.F.},
    journal={Optoelectronics, IET},
    title={Evolutionary algorithm-based optimisation of the signal-to-noise ratio for indoor visible-light communication utilising white light-emitting diode},
    year={2012},
    month={December},
    volume={6},
    number={6},
    pages={307-317},
    doi={10.1049/iet-opt.2012.0044},
    ISSN={1751-8768}
}

@article{DingJP20122,
  title={Evolutionary algorithm based uniform received power and illumination rendering for indoor visible light communication},
  author={Ding, J.P. and Huang, Z.T. and Ji, Y.F.},
  journal={JOSA A},
  volume={29},
  number={6},
  pages={971-979},
  year={2012},
  publisher={Optical Society of America}
}

@INPROCEEDINGS{Vegni2012,
    author={Vegni, A.M. and Little, T.D.C.},
    booktitle={Computing, Networking and Communications (ICNC), 2012 IEEE International Conference on},
    title={Handover in VLC systems with cooperating mobile devices},
    year={2012},
    month={Jan},
    pages={126-130},
    doi={10.1109/ICCNC.2012.6167395}
}


@article{HuangZT2012,
  title={Efficient user access and lamp selection in LED-based visible light communication network},
  author={Huang, Z.T. and Ji, Y.F.},
  journal={Chinese Optics Letters},
  volume={10},
  number={5},
  pages={050602},
  year={2012},
  publisher={Chinese Optical Society}
}

@article{LiuYang2014,
  title={可见光室内环境下的组网策略研究},
  author={刘阳, 赵华, 黄开枝},
  journal={电信科学},
  volume={30},
  number={1},
  pages={8--14},
  year={2014}
}

@INPROCEEDINGS{ZengLB2008,
    author={Zeng L.B. and O'Brien, D. and Le-Minh H. and Lee K. and Jung D. and Oh Y.},
    booktitle={Circuits and Systems for Communications (ICCSC), 2008 IEEE International Conference on},
    title={Improvement of Date Rate by using Equalization in an Indoor Visible Light Communication System},
    year={2008},
    month={May},
    pages={678-682},
    doi={10.1109/ICCSC.2008.149}
}

@mastersthesis{WuXia2014,
  title={基于LED的室内可见光通信系统的研究与设计},
  author={吴瑕},
  year={2014},
  school={华中师范大学},
  address = {武汉},
  owner = {Xin Huang},
  timestamp = {2014.11.28}
}


@article{LiuXiaoFeng2010,
  title={LTE组网技术及测试浅析},
  author={刘晓峰},
  journal={现代电信科技},
  volume={40},
  number={1},
  pages={61--64},
  year={2010}
}

@article{ZhouJianGuo2012,
  title={自适应无线传感器网络室内定位算法研究},
  author={周建国, 张鹏, 冯欣},
  journal={大地测量与地球动力学},
  volume={32},
  number={2},
  pages={74--77},
  year={2012}
}

@article{HuangRuoHong2011,
  title={基于无线传感器网络的室内定位系统},
  author={宦若虹, 李义冬, 何晓慧, 陈庆章},
  journal={机电工程},
  volume={8},
  pages={001},
  year={2011}
}

@article{kahn1997,
  title={Wireless infrared communications},
  author={Kahn, J.M. and Barry, J.R.},
  journal={Proceedings of the IEEE},
  volume={85},
  number={2},
  pages={265-298},
  year={1997},
  publisher={IEEE}
}

@article{LiHaoLing2008ap,
  title={AP技术发展与组网应用的研究},
  author={李浩琳, 沈世锦, 张正风},
  journal={电信科学},
  volume={24},
  number={5},
  pages={26--32},
  year={2008}
}

@inproceedings{YusofAL2013,
  title={Hysteresis margin for handover in Long Term Evolution (LTE) network},
  author={Yusof, A.L. and Ya'acob, N. and Ali, M.T.},
  booktitle={Computing, Management and Telecommunications (ComManTel), 2013 International Conference on},
  pages={426--430},
  year={2013},
  organization={IEEE}
}

@article{wangK2010,
  title={High-speed duplex optical wireless communication system for indoor personal area networks},
  author={Wang, K. and Nirmalathas, A. and Lim, C. and Skafidas, E.},
  journal={Optics express},
  volume={18},
  number={24},
  pages={25199--25216},
  year={2010},
  publisher={Optical Society of America}
}

@article{HuangZT2013,
  title={Design and demonstration of room division multiplexing-based hybrid VLC network},
  author={Huang, Z.T. and Ji, Y.F.},
  journal={Chinese Optics Letters},
  volume={11},
  number={6},
  pages={060603},
  year={2013},
  publisher={Chinese Optical Society}
}

@inproceedings{QuanJG2012,
  title={Configuring indoor visible light communication networks},
  author={Quan, J.G. and Li, Y.Y. and Zhang, Y.},
  booktitle={Communications in China Workshops (ICCC), 2012 IEEE International Conference on},
  pages={54--58},
  year={2012},
  organization={IEEE}
}

@inproceedings{komineT2005,
  title={Adaptive equalization for indoor visible-light wireless communication systems},
  author={Komine, T. and Lee, J.H. and Haruyama, S. and Nakagawa, M.},
  booktitle={Communications, 2005 Asia-Pacific Conference on},
  pages={294--298},
  year={2005},
  organization={IEEE}
}

@phdthesis{GaoXiaoLong2012,
  title={白光LED发光建模与通信系统研究},
  author={高小龙},
  year={2012},
  school={中南大学},
  address = {湖南}
}

@article{JovicicA2013,
  title={Visible light communication: opportunities, challenges and the path to market},
  author={Jovicic, A. and Li, J.Y. and Richardson, T.},
  journal={Communications Magazine, IEEE},
  volume={51},
  number={12},
  pages={26--32},
  year={2013},
  publisher={IEEE}
}

@inproceedings{LiYY2012,
  title={VICO: A framework for configuring indoor visible light communication networks},
  author={Li, Y.Y. and Wang, L.J. and Ning, J.X. and Pelechrinis, K. and Krishnamurthy, S.V. and Xu, Z.Y.},
  booktitle={Mobile Adhoc and Sensor Systems (MASS), 2012 IEEE 9th International Conference on},
  pages={136--144},
  year={2012},
  organization={IEEE}
}

@article{Bensaou2001,
  title={Credit-based fair queueing (CBFQ): a simple service-scheduling algorithm for packet-switched networks},
  author={Bensaou, B. and Tsang, D.H. and Chan, K.T.},
  journal={Networking, IEEE/ACM Transactions on},
  volume={9},
  number={5},
  pages={591--604},
  year={2001},
  publisher={IEEE}
}

@article{Rajagopal2012,
  title={IEEE 802.15.7 visible light communication: modulation schemes and dimming support},
  author={Rajagopal, S. and Roberts, R.D. and Lim, S.K.},
  journal={Communications Magazine, IEEE},
  volume={50},
  number={3},
  pages={72--82},
  year={2012},
  publisher={IEEE}
}

@article{Kim2010,
  title={Efficient resource allocation for rapid link recovery and visibility in visible-light local area networks},
  author={Kim, W.C. and Bae, C.S. and Jeon, S.Y. and Pyun, S.Y. and Cho, D.H.},
  journal={Consumer Electronics, IEEE Transactions on},
  volume={56},
  number={2},
  pages={524--531},
  year={2010},
  publisher={IEEE}
}

@inproceedings{van2012,
  title={Inter-cell interference mitigation using soft frequency reuse with two FOVs in visible light communication},
  author={Van Huynh, V. and Le, N.T. and Saha, N. and Chowdhury, M.Z. and Jang, Y.M.},
  booktitle={ICT Convergence (ICTC), 2012 International Conference on},
  pages={141--144},
  year={2012},
  organization={IEEE}
}

@article{bykhovsky2014,
  title={Multiple access resource allocation in visible light communication systems},
  author={Bykhovsky, D. and Arnon, S.},
  journal={Journal of Lightwave Technology},
  volume={32},
  number={8},
  pages={1594--1600},
  year={2014},
  publisher={IEEE}
}

@article{Agrawal2001,
  title={Class and channel condition based weighted proportional fair scheduler},
  author={Agrawal, R. and Bedekar, A. and La, R.J. and Subramanian, V.},
  journal={Teletraffic Engineering in the Internet Era, Proc. ITC},
  volume={17},
  pages={553--565},
  year={2001},
  publisher={Citeseer}
}

@article{MoJ2000,
  title={Fair end-to-end window-based congestion control},
  author={Mo, J. and Walrand, J.},
  journal={IEEE/ACM Transactions on Networking (ToN)},
  volume={8},
  number={5},
  pages={556--567},
  year={2000},
  publisher={IEEE Press}
}

@article{Jain2005,
  title={Impact of interference on multi-hop wireless network performance},
  author={Jain, K. and Padhye, J. and Padmanabhan, V.N. and Qiu, L.L.},
  journal={Wireless networks},
  volume={11},
  number={4},
  pages={471--487},
  year={2005},
  publisher={Springer}
}

@article{gelal2013topology,
  title={Topology control for effective interference cancellation in multiuser MIMO networks},
  author={Gelal, E. and Ning, J.X. and Pelechrinis, K. and Kim, T.S. and Broustis, I. and Krishnamurthy, S. V and Rao, B.D.},
  journal={IEEE/ACM Transactions on Networking (TON)},
  volume={21},
  number={2},
  pages={455--468},
  year={2013},
  publisher={IEEE Press}
}

@article{Sakai2003,
  title={A note on greedy algorithms for the maximum weighted independent set problem},
  author={Sakai, S. and Togasaki, M. and Yamazaki, K.},
  journal={Discrete Applied Mathematics},
  volume={126},
  number={2},
  pages={313--322},
  year={2003},
  publisher={Elsevier}
}

@article{bensaou2001credit,
  title={Credit-based fair queueing (CBFQ): a simple service-scheduling algorithm for packet-switched networks},
  author={Bensaou, B. and Tsang, D.H. and Chan, K.T.},
  journal={Networking, IEEE/ACM Transactions on},
  volume={9},
  number={5},
  pages={591--604},
  year={2001},
  publisher={IEEE}
}

@MISC{WikipediaLed,
  author = {Wikipedia},
  title = {Light-emitting diode},
  year = {2014},
  owner = {Xin Huang},
  timestamp = {2014.12.1},
  typeoflit = {EB/OL},
  url = {http://en.wikipedia.org/wiki/Light-emitting_diode}
}

@MISC{BaiduBaiKeLed,
  author = {百度百科},
  title = {发光二极管},
   year = {2014},
  owner = {Xin Huang},
  timestamp = {2014.12.1},
  typeoflit = {EB/OL},
  url = {http://baike.baidu.com/view/84213.htm?fr=aladdin}
}

@inproceedings{fan2002,
  title={The effect of reflection on indoor visible-light communication system utilizing white LEDs},
  author={Fan, K. and Komine, T. and Tanaka, Y. and Nakagawa, M.},
  booktitle={Wireless Personal Multimedia Communications, 2002. The 5th International Symposium on},
  volume={2},
  pages={611--615},
  year={2002},
  organization={IEEE}
}

@MISC{VLCC,
  author = {VLCC},
  title = {Visible Light Communications Consotium (VLCC)},
  year = {2014},
  owner = {Xin Huang},
  timestamp = {2014.12.1},
  typeoflit = {EB/OL},
  url = {http://www.vlcc.net}
}

@article{le2009,
  title={100-Mb/s NRZ visible light communications using a postequalized white LED},
  author={Le Minh, H. and O'Brien, D. and Faulkner, G. and Zeng, L.B. and Lee, K. and Jung, D.K. and Oh, Y.J. and Won, E.T.},
  journal={Photonics Technology Letters, IEEE},
  volume={21},
  number={15},
  pages={1063--1065},
  year={2009},
  publisher={IEEE}
}

@inproceedings{azhar2010,
  title={Demonstration of high-speed data transmission using MIMO-OFDM visible light communications},
  author={Azhar, A.H. and Tran, T.A. and O'Brien, D.},
  booktitle={GLOBECOM Workshops (GC Wkshps), 2010 IEEE},
  pages={1052--1056},
  year={2010},
  organization={IEEE}
}

@article{vuvcic2010,
  title={513 Mbit/s visible light communications link based on DMT-modulation of a white LED},
  author={Vucic, J. and Kottke, C. and Nerreter, S. and Langer, K.D. and Walewski, J.W.},
  journal={Journal of Lightwave Technology},
  volume={28},
  number={24},
  pages={3512--3518},
  year={2010},
  publisher={IEEE}
}

@inproceedings{vucic2011,
  title={803 Mbit/s visible light WDM link based on DMT modulation of a single RGB LED luminary},
  author={Vucic, J. and Kottke, C. and Habel, K. and Langer, K.D.},
  booktitle={Optical Fiber Communication Conference},
  pages={OWB6},
  year={2011},
  organization={Optical Society of America}
}

@MISC{UcLight,
  author = {UC-Light},
  title = {Cnter for ubuquitous Communication by light},
  year = {2014},
  owner = {Xin Huang},
  timestamp = {2014.12.1},
  typeoflit = {EB/OL},
  url = {http://www.uclight.ucr.edu/}
}

@MISC{OMEGA,
  author = {OMEGA},
  title = {Home gigabit access project},
  year = {2014},
  owner = {Xin Huang},
  timestamp = {2014.12.1},
  typeoflit = {EB/OL},
  url = {http://www.ict-omega.eu/}
}

@article{Hu2006,
  title={白光LED照明光源用作室内无线通信研究},
  author={胡国永, 陈长缨, 陈振强},
  journal={光通信技术},
  volume={30},
  number={7},
  pages={46--48},
  year={2006}
}

@article{Ding2010,
  title={一种通用白光LED数学发光模型研究},
  author={丁德强, 柯熙政},
  journal={光学学报},
  number={9},
  volume={30},
  pages={2536--2540},
  year={2010}
}

@MISC{VlcProject,
  author = {中华人名共和国科技部},
  title = {“十二五”国家863计划“可见光通信系统关键技术研究”主题项目正式启动},
  year = {2014},
  owner = {Xin Huang},
  timestamp = {2014.12.1},
  typeoflit = {EB/OL},
  url = {http://www.most.gov.cn/kjbgz/201305/t20130510_102624.htm}
}

@MISC{Lifi,
  author={新华网},
  title={复旦大学成功研制Lifi},
  year={2014},
  owner={Xin Huang},
  timestamp={2014.12.1},
  typeoflit={EB/OL},
  url={http://news.xinhuanet.com/video/2013-10/17/c_125552318.htm}
}

@PHDTHESIS{Yu2009,
  author = {于志刚},
  title = {白光LED通信接收系统关键技术研究},
  school = {暨南大学},
  year = {2009},
  address = {广州},
  owner = {Leyuan Pan},
  timestamp = {2012.12.20}
}

@article{DingDQ2006,
  title={可见光通信及其关键技术研究},
  author={丁德强, 柯熙政},
  journal={半导体光电},
  volume={27},
  number={2},
  pages={114--117},
  year={2006}
} 